<?xml version="1.0" encoding="utf-8"?>
<record xmlns="http://www.loc.gov/MARC21/slim" xmlns:xsi="http://www.w3.org/2001/XMLSchema-instance" xsi:schemaLocation="http://www.loc.gov/MARC21/slim http://www.loc.gov/standards/marcxml/schema/MARC21slim.xsd">
	<leader>
		02676nam a2200409   4500
	</leader>
	<controlfield tag="001">
		3073388
	</controlfield>
	<controlfield tag="003">
		NNC
	</controlfield>
	<controlfield tag="006">
		m        d        
	</controlfield>
	<controlfield tag="007">
		cr cn |||m|||a
	</controlfield>
	<controlfield tag="008">
		160224m19279999ua      ob    001 0 ara d
	</controlfield>
	<datafield ind1=" " ind2=" " tag="040">
		<subfield code="a">
			NNU
		</subfield>
		<subfield code="b">
			eng
		</subfield>
		<subfield code="e">
			rda
		</subfield>
		<subfield code="c">
			NNU
		</subfield>
	</datafield>
	<datafield ind1=" " ind2=" " tag="090">
		<subfield code="a">
			Z3026
		</subfield>
		<subfield code="b">
			.S26
		</subfield>
	</datafield>
	<datafield ind1="1" ind2=" " tag="100">
		<subfield code="6">
			880-01
		</subfield>
		<subfield code="a">
			Sarkīs, Yūsuf Ilyān,
		</subfield>
		<subfield code="d">
			1856-1932 or 1933.
		</subfield>
	</datafield>
	<datafield ind1="1" ind2="0" tag="245">
		<subfield code="6">
			880-02
		</subfield>
		<subfield code="a">
			Jāmiʻ al-taṣānīf al-ḥadīthah allatī ṭubiʻat fī al-bilād al-sharqīyah wa-al-gharbīyah wa-al-Amrīkīyah /
		</subfield>
		<subfield code="c">
			ʻuniya bi-jamʻihi wa- tartībīhi Yūsuf Ilyān Sarkīs al-Dimashqī.
		</subfield>
	</datafield>
	<datafield ind1="1" ind2=" " tag="246">
		<subfield code="i">
			Title on added t.p.:
		</subfield>
		<subfield code="a">
			Bulletin bibliographique
		</subfield>
	</datafield>
	<datafield ind1=" " ind2=" " tag="260">
		<subfield code="6">
			880-03
		</subfield>
		<subfield code="a">
			Miṣr :
		</subfield>
		<subfield code="b">
			Yuṭlab min Maktabat Yūsuf Ilyān Sarkīs wa-Awlādihi,
		</subfield>
		<subfield code="c">
			1927-
		</subfield>
		<subfield code="e">
			(Miṣr :
		</subfield>
		<subfield code="f">
			al-Maṭbaʻah al-ʻArabīyah)
		</subfield>
	</datafield>
	<datafield ind1=" " ind2=" " tag="300">
		<subfield code="a">
			online resource (volumes)
		</subfield>
	</datafield>
	<datafield ind1=" " ind2=" " tag="336">
		<subfield code="a">
			text
		</subfield>
		<subfield code="2">
			rdacontent
		</subfield>
	</datafield>
	<datafield ind1=" " ind2=" " tag="337">
		<subfield code="a">
			computer
		</subfield>
		<subfield code="2">
			rdamedia
		</subfield>
	</datafield>
	<datafield ind1=" " ind2=" " tag="338">
		<subfield code="a">
			online resource
		</subfield>
		<subfield code="2">
			rdacarrier
		</subfield>
	</datafield>
	<datafield ind1=" " ind2=" " tag="500">
		<subfield code="a">
			Includes indexes.
		</subfield>
	</datafield>
	<datafield ind1=" " ind2=" " tag="500">
		<subfield code="a">
			Part of the Arabic Collections Online (ACO) project, contributed by Columbia University Libraries.
		</subfield>
	</datafield>
	<datafield ind1="1" ind2=" " tag="505">
		<subfield code="6">
			880-04
		</subfield>
		<subfield code="a">
			[v. 1]. Min sanat 1920 ilá sanat 1926 mīlādīyah -- v. 2. Yaḥtawī ʻalá maṭbūʻāt sanat 1927 M.
		</subfield>
	</datafield>
	<datafield ind1=" " ind2=" " tag="533">
		<subfield code="a">
			Electronic reproduction.
		</subfield>
		<subfield code="b">
			New York, N.Y. :
		</subfield>
		<subfield code="c">
			New York University,
		</subfield>
		<subfield code="d">
			2016.
		</subfield>
		<subfield code="5">
			NNU
		</subfield>
	</datafield>
	<datafield ind1=" " ind2="0" tag="650">
		<subfield code="a">
			Arabic imprints
		</subfield>
		<subfield code="v">
			Bibliography.
		</subfield>
	</datafield>
	<datafield ind1=" " ind2="7" tag="650">
		<subfield code="a">
			Arabic imprints.
		</subfield>
		<subfield code="2">
			fast
		</subfield>
		<subfield code="0">
			(OCoLC)fst00812284
		</subfield>
	</datafield>
	<datafield ind1=" " ind2="7" tag="655">
		<subfield code="a">
			Bibliography.
		</subfield>
		<subfield code="2">
			fast
		</subfield>
		<subfield code="0">
			(OCoLC)fst01423717
		</subfield>
	</datafield>
	<datafield ind1="2" ind2=" " tag="710">
		<subfield code="a">
			Columbia University.
		</subfield>
		<subfield code="b">
			Libraries.
		</subfield>
	</datafield>
	<datafield ind1="0" ind2=" " tag="730">
		<subfield code="a">
			Arabic Collections Online.
		</subfield>
	</datafield>
	<datafield ind1="0" ind2="8" tag="776">
		<subfield code="i">
			Print version:
		</subfield>
		<subfield code="a">
			Sarkīs, Yūsuf Ilyān, 1856-1932 or 1933.
		</subfield>
		<subfield code="t">
			Jāmiʻ al-taṣānīf al-ḥadīthah allatī ṭubiʻat fī al-bilād al-sharqīyah wa-al-gharbīyah wa-al-Amrīkīyah
		</subfield>
		<subfield code="w">
			(NNC)3073388
		</subfield>
		<subfield code="w">
			(OCoLC)28187670
		</subfield>
	</datafield>
	<datafield ind1="4" ind2="0" tag="856">
		<subfield code="u">
			http://hdl.handle.net/2333.1/44j0zsg1
		</subfield>
	</datafield>
	<datafield ind1="1" ind2=" " tag="880">
		<subfield code="6">
			100-01
		</subfield>
		<subfield code="a">
			سركيس، يوسف اليان،
		</subfield>
		<subfield code="d">
			1856-1932 or 1933.
		</subfield>
	</datafield>
	<datafield ind1="1" ind2="0" tag="880">
		<subfield code="6">
			245-02
		</subfield>
		<subfield code="a">
			جامع التصانيف الحديثة التي طبعت في البلاد الشرقية والغربية والأمريكية /
		</subfield>
		<subfield code="c">
			عنى بجمعه وترتيبه يوسف اليان سركيس الدمشقى.
		</subfield>
	</datafield>
	<datafield ind1=" " ind2=" " tag="880">
		<subfield code="6">
			260-03
		</subfield>
		<subfield code="a">
			مصر :
		</subfield>
		<subfield code="b">
			يطلب من مكتبة يوسف اليان سركيس واولاده،
		</subfield>
		<subfield code="c">
			1927-
		</subfield>
		<subfield code="e">
			(مصر :
		</subfield>
		<subfield code="f">
			المطبعة العربية)
		</subfield>
	</datafield>
	<datafield ind1="1" ind2=" " tag="880">
		<subfield code="6">
			505-04
		</subfield>
		<subfield code="a">
			[جلد. 1]. من سنة 1920 الى سنة 1926 ميلادية -- جلد. 2. يحتوي على مطبوعات سنة 1927 م.
		</subfield>
	</datafield>
	<datafield ind1=" " ind2=" " tag="959">
		<subfield code="a">
			NNU
		</subfield>
		<subfield code="b">
			WEB
		</subfield>
		<subfield code="c">
			GENI
		</subfield>
		<subfield code="t">
			0
		</subfield>
		<subfield code="m">
			Electronic access
		</subfield>
		<subfield code="s">
			01
		</subfield>
	</datafield>
	<datafield ind1=" " ind2=" " tag="999">
		<subfield code="i">
			NNC_3073388
		</subfield>
		<subfield code="o">
			(OCoLC)ocm28187670
		</subfield>
		<subfield code="s">
			columbia_aco001529:v.1
		</subfield>
		<subfield code="s">
			columbia_aco001530:v.2
		</subfield>
		<subfield code="e">
			(ERROR-880)
		</subfield>
		<subfield code="s">
			columbia_aco001529:v.1
		</subfield>
		<subfield code="s">
			columbia_aco001530:v.2
		</subfield>
	</datafield>
</record>
